%% LaTeX2e file `paper.bib'
%% generated by the `filecontents' environment
%% from source `paper' on 2016/06/30.
%%
