%% LaTeX2e file `paper.bib'
%% generated by the `filecontents' environment
%% from source `paper' on 2017/01/10.
%%

@article{gould2016differentiating,
  title={On Differentiating Parameterized Argmin and Argmax Problems with Application to Bi-level Optimization},
  author={Gould, Stephen and Fernando, Basura and Cherian, Anoop and Anderson, Peter and Cruz, Rodrigo Santa and Guo, Edison},
  journal={arXiv preprint arXiv:1607.05447},
  year={2016}

}
