%% LaTeX2e file `paper.bib'
%% generated by the `filecontents' environment
%% from source `mle' on 2016/07/06.
%%
@article{hsu2012tail,
  title={A tail inequality for quadratic forms of subgaussian random vectors},
  author={Hsu, Daniel and Kakade, Sham M and Zhang, Tong and others},
  journal={Electron. Commun. Probab},
  volume={17},
  number={52},
  pages={1--6},
  year={2012}
}

@article{dasgupta2003elementary,
  title={An elementary proof of a theorem of Johnson and Lindenstrauss},
  author={Dasgupta, Sanjoy and Gupta, Anupam},
  journal={Random Structures \& Algorithms},
  volume={22},
  number={1},
  pages={60--65},
  year={2003},
  publisher={Wiley Online Library}
}

